@misc{trunkbased,
author={Konrad Gadzinowski},
title={Trunk-based Development vs. Git Flow},
howpublished={\url{https://www.toptal.com/software/trunk-based-development-git-flow}}
}
